<?xml version="1.0" encoding="UTF-8"?><record xmlns="http://www.loc.gov/MARC21/slim" xmlns:cinclude="http://apache.org/cocoon/include/1.0" xmlns:zs="http://www.loc.gov/zing/srw/">
  <leader>00382cz  a2200133n  4500</leader>
  <controlfield tag="001">n  88212958 </controlfield>
  <controlfield tag="003">DLC</controlfield>
  <controlfield tag="005">20141210073309.0</controlfield>
  <controlfield tag="008">891106n| azannaab           |n aaa      </controlfield>
  <datafield tag="010" ind1=" " ind2=" ">
    <subfield code="a">n  88212958 </subfield>
  </datafield>
  <datafield tag="040" ind1=" " ind2=" ">
    <subfield code="a">DLC</subfield>
    <subfield code="b">eng</subfield>
    <subfield code="e">rda</subfield>
    <subfield code="c">DLC</subfield>
    <subfield code="d">DLC</subfield>
  </datafield>
  <datafield tag="100" ind1="1" ind2=" ">
    <subfield code="a">Cekiera, Czesław</subfield>
  </datafield>
  <datafield tag="670" ind1=" " ind2=" ">
    <subfield code="a">His Toksykomania, 1985:</subfield>
    <subfield code="b">t.p. (Czesław Cekiera)</subfield>
  </datafield>
  <datafield tag="670" ind1=" " ind2=" ">
    <subfield code="a">LC data base, 11-3-89</subfield>
    <subfield code="b">(hdg.: Cekiera, Czesław)</subfield>
  </datafield>
</record>